@article{Zivkovic2004ImprovedAG,
  title={Improved adaptive Gaussian mixture model for background subtraction},
  author={Zoran Zivkovic},
  journal={Proceedings of the 17th International Conference on Pattern Recognition, 2004. ICPR 2004.},
  year={2004},
  volume={2},
  pages={28-31 Vol.2}
}